@BOOK {eng,
    author    = "Andrew N. O'Connor, Mohammad Modarres, Ali Mosieh",
    title     = "Probability Distributions Used in Reliability Engineering",
    publisher = "Center for Risk and reliability, University of Maryland",
    year      = "2016"
}


@misc{asp2017,
  author = {Ramsey, Michael},
  title = {Approximate Stochastic Paths},
  year = {2017},
  publisher = {GitHub},
  journal = {GitHub repository},
  howpublished = {https://github.com/Dennett/asp},
  commit = {5648b327fca2910212e5bd9281a59b180f83d4c8}
}

@article{dijkstra1959,
  year  = {1959},
  month = {dec},
  publisher = {Springer Nature},
  volume = {1},
  number = {1},
  pages = {269--271},
  author = {E. W. Dijkstra},
  title = {A note on two problems in connexion with graphs},
  journal = {Numerische Mathematik}
}


@article{Yen1971,
  doi = {10.1287/mnsc.17.11.712},
  url = {http://dx.doi.org/10.1287/mnsc.17.11.712},
  year  = {1971},
  month = {jul},
  publisher = {Institute for Operations Research and the Management Sciences ({INFORMS})},
  volume = {17},
  number = {11},
  pages = {712--716},
  author = {Jin Y. Yen},
  title = {Finding the K Shortest Loopless Paths in a Network},
  journal = {Management Science}
}

@inproceedings{netx,
author = {Aric A. Hagberg and Daniel A. Schult and Pieter J. Swart},
title = {Exploring network structure, dynamics, and function using {NetworkX}},
year = {2008},
month = Aug,
urlpdf = {http://math.lanl.gov/~hagberg/Papers/hagberg-2008-exploring.pdf},
booktitle = {Proceedings of the 7th Python in Science Conference (SciPy2008)},
editors = {G\"{a}el Varoquaux, Travis Vaught, and Jarrod Millman},
address = {Pasadena, CA USA},
pages = {11--15}
}

@book{larsen-marx,
  Author = {Richard J. Larsen and Morris L. Marx},
  Title = {An Introduction to Mathematical Statistics and Its Applications (3rd Edition)},
  Publisher = {Prentice Hall},
  Year = {2000},
  ISBN = {0139223037}
}
  

@article{multiobj,
year  = {2015},
month = {jul},
publisher = {Elsevier {BV}},
volume = {42},
number = {12},
pages = {5056--5064},
author = {Mojtaba Rajabi-Bahaabadi and Afshin Shariat-Mohaymany and Mohsen Babaei and Chang Wook Ahn},
title = {Multi-objective path finding in stochastic time-dependent road networks using non-dominated sorting genetic algorithm},
journal = {Expert Systems with Applications}
}


@article{Mirchandani1976,
  doi = {10.1016/0305-0548(76)90017-4},
  url = {http://dx.doi.org/10.1016/0305-0548(76)90017-4},
  year  = {1976},
  month = {dec},
  publisher = {Elsevier {BV}},
  volume = {3},
  number = {4},
  pages = {347--355},
  author = {Pitu B. Mirchandani},
  title = {Shortest distance and reliability of probabilistic networks},
  journal = {Computers {\&} Operations Research}
}

@article{frank_1969, title={Shortest Paths in Probabilistic Graphs}, volume={17}, url={http://www.jstor.org/stable/168536}, DOI={10.1287/opre.17.4.583}, number={4}, journal={Operations Research}, author={Frank, H.}, year={1969}, month={Jul}, pages={583–599}}

@article{fu_rilett_1998, title={Expected shortest paths in dynamic and stochastic traffic networks}, volume={32}, DOI={10.1016/s0191-2615(98)00016-2}, number={7}, journal={Transportation Research Part B: Methodological}, author={Fu, Liping and Rilett, L.r.}, year={1998}, pages={499–516}}

@article{hall_1986, title={The Fastest Path through a Network with Random Time-Dependent Travel Times}, volume={20}, DOI={10.1287/trsc.20.3.182}, number={3}, journal={Transportation Science}, author={Hall, Randolph W.}, year={1986}, pages={182–188}}